<?xml version="1.0" encoding="UTF-8"?>
<record xmlns="http://www.loc.gov/MARC21/slim" xmlns:xsi="http://www.w3.org/2001/XMLSchema-instance" xsi:schemaLocation="http://www.loc.gov/MARC21/slim http://www.loc.gov/standards/marcxml/schema/MARC21slim.xsd">
<leader>00000cam a22      a 4500</leader>
<controlfield tag="001">001682165</controlfield>
<controlfield tag="003">NNU</controlfield>
<controlfield tag="005">20160120165944.0</controlfield>
<controlfield tag="008">050502s1908    ua            000 0cara</controlfield>
<datafield tag="010" ind1=" " ind2=" ">
<subfield code="a">ne 65000378</subfield>
</datafield>
<datafield tag="016" ind1="7" ind2=" ">
<subfield code="a">101247167</subfield>
<subfield code="2">DNLM</subfield>
</datafield>
<datafield tag="035" ind1=" " ind2=" ">
<subfield code="a">(OCoLC)26641640</subfield>
</datafield>
<datafield tag="040" ind1=" " ind2=" ">
<subfield code="a">NLM</subfield>
<subfield code="b">eng</subfield>
<subfield code="c">NLM</subfield>
<subfield code="d">MBB</subfield>
<subfield code="d">DLC</subfield>
<subfield code="d">KRTAS</subfield>
<subfield code="d">OCLCF</subfield>
<subfield code="d">NNU</subfield>
</datafield>
<datafield tag="042" ind1=" " ind2=" ">
<subfield code="a">nlmcopyc</subfield>
</datafield>
<datafield tag="050" ind1="0" ind2="0">
<subfield code="a">R128.3</subfield>
<subfield code="b">.A6</subfield>
</datafield>
<datafield tag="060" ind1="0" ind2="0">
<subfield code="a">WZ 290</subfield>
<subfield code="b">Q105i 1908</subfield>
</datafield>
<datafield tag="100" ind1="1" ind2=" ">
<subfield code="6">880-01</subfield>
<subfield code="a">Qifṭī, ʻAlī ibn Yūsuf,</subfield>
<subfield code="d">1172 or 1173-1248.</subfield>
</datafield>
<datafield tag="240" ind1="1" ind2="0">
<subfield code="6">880-02</subfield>
<subfield code="a">Ikhbār al-ʻulamāʼ bi-akhbār al-ḥukamāʼ</subfield>
</datafield>
<datafield tag="245" ind1="1" ind2="0">
<subfield code="6">880-03</subfield>
<subfield code="a">Kitāb ikhbār al-ʻulamāʼ bi-akhbār al-ḥukamāʼ /</subfield>
<subfield code="c">li-Jamāl al-Dīn Abī al-Ḥasan ʻAlī ibn Yūsuf al-Qifṭī.</subfield>
</datafield>
<datafield tag="250" ind1=" " ind2=" ">
<subfield code="6">880-04</subfield>
<subfield code="a">al-Ṭabʻah 1.</subfield>
</datafield>
<datafield tag="260" ind1=" " ind2=" ">
<subfield code="6">880-05</subfield>
<subfield code="a">Miṣr :</subfield>
<subfield code="b">Maṭbaʻat al-Saʻādah,</subfield>
<subfield code="c">1326 [1908/09]</subfield>
</datafield>
<datafield tag="300" ind1=" " ind2=" ">
<subfield code="a">8, 288 p. ;</subfield>
<subfield code="c">24 cm.</subfield>
</datafield>
<datafield tag="336" ind1=" " ind2=" ">
<subfield code="a">text</subfield>
<subfield code="b">txt</subfield>
<subfield code="2">rdacontent</subfield>
</datafield>
<datafield tag="337" ind1=" " ind2=" ">
<subfield code="a">unmediated</subfield>
<subfield code="b">n</subfield>
<subfield code="2">rdamedia</subfield>
</datafield>
<datafield tag="338" ind1=" " ind2=" ">
<subfield code="a">volume</subfield>
<subfield code="b">nc</subfield>
<subfield code="2">rdacarrier</subfield>
</datafield>
<datafield tag="561" ind1=" " ind2=" ">
<subfield code="a">Bookplate of Lutfi M. Saʻdi.</subfield>
<subfield code="5">DNLM</subfield>
</datafield>
<datafield tag="650" ind1="1" ind2="2">
<subfield code="a">Physicians</subfield>
<subfield code="v">Biography.</subfield>
</datafield>
<datafield tag="650" ind1="2" ind2="2">
<subfield code="a">History, Medieval</subfield>
<subfield code="v">Biography.</subfield>
</datafield>
<datafield tag="650" ind1="2" ind2="2">
<subfield code="a">Medicine, Arabic</subfield>
<subfield code="v">Biography.</subfield>
</datafield>
<datafield tag="650" ind1=" " ind2="0">
<subfield code="a">Medicine</subfield>
<subfield code="v">Biography.</subfield>
</datafield>
<datafield tag="650" ind1=" " ind2="0">
<subfield code="a">Medicine, Arab</subfield>
<subfield code="v">Biography.</subfield>
</datafield>
<datafield tag="650" ind1=" " ind2="7">
<subfield code="a">Medicine.</subfield>
<subfield code="2">fast</subfield>
<subfield code="0">(OCoLC)fst01014893</subfield>
</datafield>
<datafield tag="650" ind1=" " ind2="7">
<subfield code="a">Medicine, Arab.</subfield>
<subfield code="2">fast</subfield>
<subfield code="0">(OCoLC)fst01015186</subfield>
</datafield>
<datafield tag="655" ind1=" " ind2="7">
<subfield code="a">Biography.</subfield>
<subfield code="2">fast</subfield>
<subfield code="0">(OCoLC)fst01423686</subfield>
</datafield>
<datafield tag="700" ind1="1" ind2=" ">
<subfield code="6">880-06</subfield>
<subfield code="a">Khānjī, Muḥammad Amīn, ǂd 1</subfield>
<subfield code="d">865 or 6-1939 or 40.</subfield>
</datafield>
<datafield tag="776" ind1="0" ind2="8">
<subfield code="i">Online version:</subfield>
<subfield code="a">Qifṭī, ʻAlī ibn Yūsuf, 1172 or 3-1248.</subfield>
<subfield code="s">Ikhbār al-ʻulamāʼ bi-akhbār al-ḥukamāʼ.</subfield>
<subfield code="t">Kitāb ikhbār al-ʻulamāʼ bi-akhbār al-ḥukamāʼ.</subfield>
<subfield code="d">Miṣr : Maṭbaʻat al-Saʻādah, 1326 [1908/09]</subfield>
<subfield code="w">(OCoLC)780152208</subfield>
</datafield>
<datafield tag="880" ind1="1" ind2=" ">
<subfield code="6">100-01/</subfield>
<subfield code="a">قفطي، علي بن يوسف،</subfield>
<subfield code="d">1172 or 1173-1248.</subfield>
</datafield>
<datafield tag="880" ind1="1" ind2="0">
<subfield code="6">240-02/</subfield>
<subfield code="a">‏اخبار العلماء بأخبار الحكماء</subfield>
</datafield>
<datafield tag="880" ind1="1" ind2="0">
<subfield code="6">245-03/</subfield>
<subfield code="a">كتاب اخبار العلماء بأخبار الحكماء /</subfield>
<subfield code="c">جمال الدين أبي الحسن علي بن يوسف القفطي ؛ عنى بتصحيحه محمد أمين الخانجي الكتبي.</subfield>
</datafield>
<datafield tag="880" ind1=" " ind2=" ">
<subfield code="6">250-04/</subfield>
<subfield code="a">الطبعة 1.</subfield>
</datafield>
<datafield tag="880" ind1=" " ind2=" ">
<subfield code="6">260-05/</subfield>
<subfield code="a">‏مصر :‏</subfield>
<subfield code="b">‏مطبعة السعادة،‏</subfield>
<subfield code="c">1326 [1908/09]</subfield>
</datafield>
<datafield tag="880" ind1="1" ind2=" ">
<subfield code="6">700-06/</subfield>
<subfield code="a">خانجي، محمد أمين،,</subfield>
<subfield code="d">865 or 6-1939 or 40.</subfield>
</datafield>
<datafield tag="OWN" ind1=" " ind2=" ">
<subfield code="a">GENERAL</subfield>
</datafield>
<datafield tag="AVA" ind1=" " ind2=" ">
<subfield code="a">NYU50</subfield>
<subfield code="b">BOBST</subfield>
<subfield code="c">Main Collection</subfield>
<subfield code="d">R128.3 .A6</subfield>
<subfield code="e">unavailable</subfield>
<subfield code="t">Unavailable</subfield>
<subfield code="f">1</subfield>
<subfield code="g">1</subfield>
<subfield code="h">N</subfield>
<subfield code="i">0</subfield>
<subfield code="j">MAIN</subfield>
<subfield code="k">0</subfield>
</datafield>
</record>
